@book{1_kid2003,
    author    = {К. И.Д.},
    title     = {Методы исторического исследования},
    edition   = {2},
    publisher = {Отделение историко-филологических наук},
    year      = {2003},
    address   = {Москва},
    pages     = {486}
}

@article{2_kornev2018,
    author  = {М. Корнев},
    title   = {Источниковедение 2.0: о новых подходах к работе с источниками в сетевой цифровой среде},
    journal = {Вестник РГГУ. Серия: Литературоведение. Языкознание. Культурология},
    year    = {2018},
    number  = {11 (44)},
    pages   = {59--66}
}

@book{3_belova1993,
    author    = {Е. Белова and В. Лазарев},
    title     = {Система управления историческими текстами. Принципы построения},
    year      = {1993}
}

@article{4_vladimirov2014,
    author  = {В. Владимиров and М. Рыгалова},
    title   = {Зарубежная историография о проблемах и перспективах применения геоинформационных систем в исторических исследованиях},
    journal = {Вестник Пермского университета. Серия: История},
    year    = {2014},
    number  = {3 (26)},
    pages   = {99--106}
}

@article{5_redkina2021,
    author  = {Н. Редькина},
    title   = {Компетенции библиографа: непрерывность развития и точки разрыва},
    journal = {Библиосфера},
    year    = {2021},
    number  = {4},
    pages   = {59--77}
}

@incollection{6_barabucci2022,
    author    = {G. Barabucci and F. Tomasi and F. Vitali},
    title     = {Modeling Data Complexity in Public History and Cultural Heritage},
    booktitle = {Handbook of Digital Public History},
    year      = {2022},
    pages     = {459}
}

@book{7_yumashova2016,
    author    = {Ю. Ю. Юмашева},
    title     = {Информатизация архивного дела в Российской Федерации (1991–2015 гг.): научные исследования в области применения информационных технологий},
    publisher = {Directmedia},
    year      = {2016}
}

@inproceedings{8_gorlova2021,
    author    = {И. Горлова and А. Зорин and А. Гуцалов},
    title     = {Сохранение цифрового наследия в России: методология, опыт, правовые проблемы и перспективы},
    booktitle = {Москва: Институт Наследия},
    year      = {2021}
}

@article{9_rana2019,
    author  = {Y. Rana},
    title   = {Python: Simple though an Important Programming language},
    journal = {International Research Journal of Engineering and Technology},
    year    = {2019},
    volume  = {6},
    pages   = {1856--1858}
}

@article{10_sirunyan2020,
    author  = {A. M. Sirunyan and others},
    title   = {Extraction and validation of a new set of CMS PYTHIA 8 tunes from underlying-event measurements},
    journal = {The European Physical Journal C},
    year    = {2020},
    volume  = {80},
    pages   = {1--47}
}

@book{11_roganov2008,
    author    = {Е. А. Роганов and Н. Роганова},
    title     = {Программирование на языке Ruby},
    year      = {2008}
}

@book{12_schildt2019,
    author    = {H. Schildt},
    title     = {Java: The Complete Reference},
    edition   = {10},
    publisher = {McGraw-Hill},
    address   = {Москва},
    year      = {2019},
    pages     = {1487}
}

@incollection{13_davis2020,
    author    = {A. L. Davis and A. L. Davis},
    title     = {Spring cloud},
    booktitle = {Spring Quick Reference Guide: A Pocket Handbook for Spring Framework, Spring Boot, and More},
    year      = {2020},
    pages     = {231--246}
}

@book{14_niya2019,
    author    = {Н. Ния and Ш. Гвен and П. Тодд},
    title     = {Apache Kafka. Потоковая обработка и анализ данных},
    edition   = {1},
    publisher = {Питер},
    address   = {Москва},
    year      = {2019},
    pages     = {320}
}

@incollection{15_dragoni2017,
    author    = {N. Dragoni and others},
    title     = {Microservices: yesterday, today, and tomorrow},
    booktitle = {Present and ulterior software engineering},
    year      = {2017},
    pages     = {195--216}
}

@inproceedings{16_schermann2016,
    author    = {G. Schermann and others},
    title     = {Bifrost: Supporting continuous deployment with automated enactment of multiphase live testing strategies},
    booktitle = {Proceedings of the 17th International Middleware Conference},
    year      = {2016},
    pages     = {1--14}
}

@misc{17_crockford2008,
    author    = {D. Crockford},
    title     = {JavaScript: The Good Parts: The Good Parts [Electronic Resource]},
    year      = {2008},
    url       = {https://www.youtube.com/watch?v=hQVTIJBZook&t=2405s},
    note      = {visited on 02/21/2023}
}

@techreport{18_hardt2012,
    author = {D. Hardt},
    title  = {The OAuth 2.0 authorization framework},
    year   = {2012},
    type   = {Technical report}
}

@inproceedings{19_weingartner2017,
    author    = {R. Weingärtner and others},
    title     = {Improving OpenID Connect federation’s interoperability with web semantics},
    booktitle = {2017 IEEE/ACS 14th International Conference on Computer Systems and Applications (AICCSA)},
    publisher = {IEEE},
    year      = {2017},
    pages     = {1269--1276}
}
@misc{trebichavsky2021,
    author  = {R. Trebichavsk{\`y}},
    title   = {API Gateways and Microservice Architectures},
    year    = {2021},
    note    = {Technical Report}
}

@misc{microsoft_api_gateway,
    author       = {{Microsoft Corporation}},
    title        = {The API gateway pattern versus the Direct client-to-microservice communication},
    howpublished = {\url{https://learn.microsoft.com/en-us/dotnet/architecture/microservices/architect-microservice-container-applications/direct-client-to-microservice-communication-versus-the-api-gateway-pattern}},
    note         = {Accessed: 2024}
}

@inproceedings{zhao2018management,
    author    = {J. Zhao and S. Jing and L. Jiang},
    title     = {Management of API gateway based on micro-service architecture},
    booktitle = {Journal of Physics: Conference Series},
    volume    = {1087},
    pages     = {032032},
    year      = {2018},
    publisher = {IOP Publishing},
    doi       = {10.1088/1742-6596/1087/3/032032}
}

@article{alkhodary2023evaluation,
    author  = {S. Alkhodary},
    title   = {The Evaluation of Using Backend-For-Frontend in a Microservices Environment},
    journal = {International Journal of Computer Science and Engineering},
    year    = {2023},
    volume  = {6},
    note    = {Accessed: October 2023}
}

@book{newman2015building,
    author    = {S. Newman},
    title     = {Building Microservices: Designing Fine-Grained Systems},
    publisher = {O'Reilly Media},
    year      = {2015},
    pages     = {600},
    isbn      = {978-1491950357},
    edition   = {1st}
}

@book{carnell2021spring,
    author    = {J. Carnell and I. H. S{\'a}nchez},
    title     = {Spring Microservices in Action},
    publisher = {Simon \& Schuster},
    year      = {2021},
    edition   = {2nd},
    isbn      = {978-1617296956}
}

@misc{spring_cloud_gateway,
    author       = {{Spring Team}},
    title        = {Spring Cloud Gateway: API Gateway built on top of the Spring Ecosystem},
    howpublished = {\url{https://cloud.spring.io/spring-cloud-gateway}},
    year         = {2024},
    note         = {Official Documentation}
}

@misc{richardson_circuit_breaker,
    author       = {C. Richardson},
    title        = {Pattern: Circuit Breaker},
    howpublished = {\url{https://microservices.io/patterns/reliability/circuit-breaker.html}},
    year         = {2024},
    note         = {Microservices Patterns}
}

@book{richardson2018microservices,
    author    = {C. Richardson},
    title     = {Microservices Patterns: With Examples in Java},
    publisher = {Simon \& Schuster},
    year      = {2018},
    isbn      = {978-1617294549},
    pages     = {520},
    edition   = {1st}
}

@misc{openid_foundation2014,
    title = {{OpenID Connect Core 1.0 incorporating errata set 1}},
    author = {{OpenID Foundation}},
    year = {2014},
    month = {November},
    url = {https://openid.net/specs/openid-connect-core-1_0.html},
    note = {Final Specification}
}

@article{lodderstedt2013,
    title = {OAuth 2.0 Threat Model and Security Considerations},
    author = {Lodderstedt, Torsten and McGloin, Mark and Hunt, Phil},
    journal = {Internet Engineering Task Force},
    year = {2013},
    month = {January},
    type = {RFC},
    number = {6819},
    url = {https://tools.ietf.org/html/rfc6819}
}

@inproceedings{fett2016,
    title = {A Comprehensive Formal Security Analysis of OAuth 2.0},
    author = {Fett, Daniel and K{\"u}sters, Ralf and Schmitz, Guido},
    booktitle = {Proceedings of the 2016 ACM SIGSAC Conference on Computer and Communications Security},
    year = {2016},
    pages = {1204--1215},
    publisher = {ACM},
    address = {Vienna, Austria},
    doi = {10.1145/2976749.2978385}
}

@book{richer2017,
    title = {OAuth 2 in Action},
    author = {Richer, Justin and Sanso, Antonio},
    publisher = {Manning Publications},
    year = {2017},
    isbn = {978-1617293276},
    address = {Shelter Island, NY}
}

@article{sakimura2015,
    title = {OpenID Connect: An Identity Layer on Top of OAuth 2.0},
    author = {Sakimura, Nat and Bradley, John and Jones, Michael and de Medeiros, Breno and Mortimore, Chuck},
    journal = {Login: The USENIX Magazine},
    volume = {40},
    number = {5},
    pages = {25--28},
    year = {2015},
    publisher = {USENIX Association}
}

